
@book{sutton2018,
    author = {Richard S. Sutton and Andrew G. Barto},
    title = {Reinforcement Learning: An Introduction},
    publisher = {MIT Press},
    year = {2018},
    edition = {2nd}
}

@article{mnih2015,
    author = {Volodymyr Mnih and Koray Kavukcuoglu and David Silver and Andrei A. Rusu and Joel Veness and Marc G. Bellemare and Alex Graves and Martin Riedmiller and Andreas K. Fidjeland and Georg Ostrovski and Stig Petersen and Charles Beattie and Amir Sadik and Ioannis Antonoglou and Helen King and Dharshan Kumaran and Daan Wierstra and Shane Legg and Demis Hassabis},
    title = {Human-level control through deep reinforcement learning},
    journal = {Nature},
    volume = {518},
    number = {7540},
    pages = {529--533},
    year = {2015},
    publisher = {Nature Publishing Group}
}

@misc{schulman2017,
    author = {John Schulman and Filip Wolski and Prafulla Dhariwal and Alec Radford and Oleg Klimov},
    title = {Proximal Policy Optimization Algorithms},
    year = {2017},
    eprint = {arXiv:1707.06347}
}

@book{brucker2007,
    author = {Peter Brucker},
    title = {Scheduling Algorithms},
    publisher = {Springer},
    year = {2007},
    edition = {5th}
}

@book{pinedo2016,
    author = {Michael L. Pinedo},
    title = {Scheduling: Theory, Algorithms, and Systems},
    publisher = {Springer},
    year = {2016},
    edition = {5th}
}

@article{zhang2020,
    author = {Chengliang Zhang and Peng Song and Yicheng Wang},
    title = {Deep reinforcement learning for job scheduling in HPC clusters},
    journal = {IEEE Transactions on Parallel and Distributed Systems},
    volume = {31},
    number = {11},
    pages = {2553--2566},
    year = {2020}
}

@inproceedings{mao2019,
    author = {Hongzi Mao and Mohammad Alizadeh and Ishai Menache and Srikanth Kandula},
    title = {Resource management with deep reinforcement learning},
    booktitle = {Proceedings of ACM HotNets},
    year = {2019}
}

@article{liu2015,
    author = {Chunming Liu and Xianzhong Xu and Dewen Hu},
    title = {Multiobjective reinforcement learning: A comprehensive overview},
    journal = {IEEE Transactions on Systems, Man, and Cybernetics: Systems},
    volume = {45},
    number = {3},
    pages = {385--398},
    year = {2015}
}

@article{mittal2016,
    author = {Sparsh Mittal and Jeffrey S. Vetter},
    title = {A survey of CPU-GPU heterogeneous computing techniques},
    journal = {ACM Computing Surveys},
    volume = {47},
    number = {4},
    pages = {1--35},
    year = {2016}
}
